@inproceedings{eclipse,
    author = {Ethan Heilman and Alison Kendler and Aviv Zohar and Sharon Goldberg},
    title = {{Eclipse Attacks on Bitcoin{\textquoteright}s Peer-to-Peer Network}},
    booktitle = {24th USENIX Security Symposium (USENIX Security '15)},
    year = {2015},
    month = Aug,
    isbn = {978-1-931971-232},
    address = {Berkeley, CA, USA},
    pages = {129--144},
    publisher = {USENIX Association},
}

@inproceedings{sybil,
    author = {Douceur, John R.},
    title = {{The Sybil Attack}},
    booktitle = {Revised Papers from the First International Workshop on Peer-to-Peer Systems (IPTPS '01)},
    year = {2002},
    isbn = {3-540-44179-4},
    pages = {251--260},
    numpages = {10},
    acmid = {687813},
    publisher = {Springer-Verlag},
    address = {London, UK, UK},
}

@misc{ct,
    author = {Ben Laurie and Adam Langley and Emilia Kasper},
    title = {{RFC: Certificate Transparency}},
    editor =  {IETF},
    howpublished = {\url{http://tools.ietf.org/html/rfc6962}},
    note = {{Accessed: 2015-5-13}},
}

@INPROCEEDINGS{ctgossip, 
    author={L. Chuat and P. Szalachowski and A. Perrig and B. Laurie and E. Messeri},
    title={{Efficient gossip protocols for verifying the consistency of Certificate logs}},
    booktitle={Communications and Network Security (CNS), 2015 IEEE Conference on}, 
    year={2015}, 
    pages={415--423},
    month={Sept},
}

@inproceedings{tor,
    author = {Dingledine, Roger and Mathewson, Nick and Syverson, Paul},
    title = {{Tor: The Second-generation Onion Router}},
    booktitle = {13th USENIX Security Symposium (USENIX Security '04)},
    year = {2004},
    location = {San Diego, CA},
    publisher = {USENIX Association},
    address = {Berkeley, CA, USA},
}

@misc{tortransparency,
    author = {Linus Nordberg},
    title = {{Tor Consensus Transparency, take two}},
    howpublished = {\url{http://archives.seul.org/tor/dev/Feb-2016/msg00099.html}},
    note = {{Accessed: 2016-05-23}}
}

@patent{merkle,
    author={Ralph C. Merkle},
    title={{Method of providing digital signatures}},
    year={1982},
    month=jan # "~5",
    nationality="United States",
    number=4309569,
}

@article{ad,
    author = {Crosby, Scott A. and Wallach, Dan S.},
    title = {{Authenticated Dictionaries: Real-World Costs and Trade-Offs}},
    journal = {ACM Trans. Inf. Syst. Secur.},
    issue_date = {September 2011},
    volume = {14},
    number = {2},
    month = sep,
    year = {2011},
    issn = {1094-9224},
    articleno = {17},
    numpages = {30},
    doi = {10.1145/2019599.2019602},
    acmid = {2019602},
    publisher = {ACM},
    address = {New York, NY, USA},
}

@inproceedings{ht,
    author = {Crosby, Scott A. and Wallach, Dan S.},
    title = {{Efficient Data Structures for Tamper-evident Logging}},
    booktitle = {18th USENIX Security Symposium (USENIX Security '09)},
    year = {2009},
    location = {Montreal, Canada},
    pages = {317--334},
    numpages = {18},
    acmid = {1855788},
    publisher = {USENIX Association},
    address = {Berkeley, CA, USA},
}

@inproceedings{coniks,
    author = {Marcela S. Melara and Aaron Blankstein and Joseph Bonneau and Edward W. Felten and Michael J. Freedman},
    title = {{Bringing Deployable Key Transparency to End Users}},
    booktitle = {24th USENIX Security Symposium (USENIX Security '15)},
    pages = {383--398},
    year = {2015},
    month = Aug,
    address = {Berkeley, CA, USA},
    publisher = {USENIX Association},
}

@inproceedings{ect,
    author = {Mark D. Ryan},
    title = {{Enhanced certificate transparency and end-to-end encrypted mail}},
    booktitle = {21st Annual Network and Distributed System Security Symposium (NDSS 2014)},
    location = {San Diego, California, USA},
    month  =  Feb,
    year = {2014},
}

@inproceedings{cosi, 
    author={E. Syta and I. Tamas and D. Visher and D. I. Wolinsky and P. Jovanovic and L. Gasser and N. Gailly and I. Khoffi and B. Ford}, 
    booktitle={2016 IEEE Symposium on Security and Privacy}, 
    title={{Keeping Authorities ``Honest or Bust'' with Decentralized Witness Cosigning}}, 
    year={2016}, 
    pages={526--545},
    month={May},
}

@inproceedings{sundrosdi,
    author = {Li, Jinyuan and Krohn, Maxwell and Mazi\`{e}res, David and Shasha, Dennis},
    title = {{Secure Untrusted Data Repository (SUNDR)}},
    booktitle = {Proceedings of the 6th Conference on Symposium on Opearting Systems Design \& Implementation (OSDI '04)},
    year = {2004},
    location = {San Francisco, CA},
    publisher = {USENIX Association},
    address = {Berkeley, CA, USA},
}

Google was hacked using a fake cert from DigiNotar. Most affected people were in Iran, suggesting a governmental attack.
@misc{mitmgoogle,
    author = {Heather Adkins},
    title = {{An update on attempted man-in-the-middle attacks}},
    howpublished = {\url{http://googleonlinesecurity.blogspot.com/2011/08/update-on-attempted-man-in-middle.html}},
    note = {{Accessed: 2015-08-22}},
}

@misc{cahacks,
    title = {{Security breach in CA networks - Comodo, DigiNotar, GlobalSign}},
    author = {Ravi Mandalia},
    howpublished = {\url{http://blog.isc2.org/isc2_blog/2012/04/test.html}},
    note = {{Accessed: 2015-08-22}},
}

Turkey CA realized they issued two bad intermediate CA certificates instead of normal SSL certificates
@misc{caturkey,
    author = {Adam Langley},
    title = {{Enhancing digital certificate security}},
    howpublished = {\url{https://googleonlinesecurity.blogspot.co.uk/2013/01/enhancing-digital-certificate-security.html}},
    note = {{Accessed: 2015-11-06}},
}

One of the intermediate CAs created by ANSSI (France) misbehaved and issued a fake Google cert so they can monitor traffic within a network. 
The fake cert was used in a commercial device apparently.
@misc{cafrance,
    author = {Adam Langley},
    title = {{Further improving digital certificate security}},
    howpublished = {\url{https://googleonlinesecurity.blogspot.com.au/2013/12/further-improving-digital-certificate.html}},
    note = {{Accessed: 2015-11-06}}
}

Refers to an newly appointed CA from UAE called Etisalat, who in the past served a fake Blackberry update to its customers or employees
@misc{etisalat,
    author = {Danny O'Brien},
    title = {{Web users in the United Arab Emirates have more to worry about than having just their BlackBerries cracked}},
    howpublished = {\url{http://www.slate.com/articles/technology/webhead/2010/08/the_internets_secret_back_door.html}},
    note = {{Accessed: 2015-08-22}}
}

@misc{cahacksurvey,
    author = {Andr{\'{e}} Niemann and Jacqueline Brendel},
    title = {{A Survey on CA Compromises}},
    howpublished = {\url{https://www.cdc.informatik.tu-darmstadt.de/fileadmin/user_upload/Group_CDC/Documents/Lehre/SS13/Seminar/CPS/cps2014_submission_8.pdf}},
    note = {{Accessed: 2016-05-15}}
}

@inproceedings{certifiedlies,
    author = {Soghoian, Christopher and Stamm, Sid},
    title = {{Certified Lies: Detecting and Defeating Government Interception Attacks Against SSL (Short Paper)}},
    booktitle = {Financial Cryptography and Data Security (FC 2011)},
    year = {2012},
    isbn = {978-3-642-27575-3},
    location = {Gros Islet, St. Lucia},
    pages = {250--259},
    numpages = {10},
    publisher = {Springer-Verlag},
    address = {Berlin, Heidelberg},
}

@Article{daps,
    author="Poettering, Bertram and Stebila, Douglas",
    title={{Double-authentication-preventing signatures}},
    journal="International Journal of Information Security",
    year="2015",
    pages="1--22",
}

@inproceedings{liarliar,
    author = {Ruffing, Tim and Kate, Aniket and Schr\"{o}der, Dominique},
    title = {{Liar, Liar, Coins on Fire!: Penalizing Equivocation By Loss of Bitcoins}},
    booktitle = {Proceedings of the 22nd ACM SIGSAC Conference on Computer and Communications Security (CCS '15)},
    year = {2015},
    location = {Denver, Colorado, USA},
    pages = {219--230},
    numpages = {12},
    publisher = {ACM},
    address = {New York, NY, USA},
}

@inproceedings{ppow,
    author="Kiayias, Aggelos
        and Lamprou, Nikolaos
        and Stouka, Aikaterini-Panagiota",
    editor="Clark, Jeremy
        and Meiklejohn, Sarah
        and Ryan, Peter Y.A.
        and Wallach, Dan
        and Brenner, Michael
        and Rohloff, Kurt",
    title={{Proofs of Proofs of Work with Sublinear Complexity}},
    booktitle="Financial Cryptography and Data Security (FC 2016)",
    year="2016",
    publisher="Springer Berlin Heidelberg",
    address="Berlin, Heidelberg",
    pages="61--78",
}

@misc{keybase,
    author = {Keybase.io},
    title = {{Keybase}},
    howpublished = {\url{http://keybase.io}},
    note = {{Accessed: 2016-05-15}}
}

@misc{keybase-opret,
    author = {Bjarke Walling},
    title = {{Use OP{\textunderscore}RETURN to store merkle root in bitcoin blockchain}},
    howpublished = {\url{https://github.com/keybase/keybase-issues/issues/1104}},
    note = {{Accessed: 2016-05-23}},
}

@misc{keybase-txs,
    author = {blockchain.info},
    title = {{Keybase-issued Bitcoin transactions}},
    howpublished = {\url{https://blockchain.info/address/1HUCBSJeHnkhzrVKVjaVmWg2QtZS1mdfaz}},
    note = {{Accessed: 2016-05-15}},
}

@misc{bitcoin-blockchaindotinfo,
    author = {blockchain.info},
    title = {{Blockchain Data API}},
    howpublished = {\url{https://blockchain.info/api/blockchain_api}},
    note = {{Accessed: 2016-11-08}},
}
@misc{bitcoin-blockexplorerdotcom,
    author = {blockexplorer.com},
    title = {{API Reference}},
    howpublished = {\url{https://blockexplorer.com/api-ref}},
    note = {{Accessed: 2016-11-08}}, 
}
@misc{bitcoin-blockrdotio,
    author = {blockr.io},
    title = {{blockr.io Blockchain API Code}},
    howpublished = {\url{https://blockr.io/documentation/api}},
    note = {{Accessed: 2016-11-08}},
}
@misc{bitcoin-blocktraildotcom,
    author = {blocktrail.com},
    title = {{BlockTrail API Documentation}},
    howpublished = {\url{https://www.blocktrail.com/api/docs\#api_block}},
    note = {{Accessed: 2016-11-08}},
}

@misc{bitcoin-size,
    author = {blockchain.info},
    title = {{Bitcoin blockchain size over time}},
    howpublished= {\url{https://blockchain.info/charts/blocks-size}},
    note = {{Accessed: 2016-11-11}},
}

@misc{keybase-scheme,
    author = {Keybase.io},
    title = {{Keybase is now writing to the Bitcoin blockchain}},
    howpublished = {\url{https://keybase.io/docs/server_security/merkle_root_in_bitcoin_blockchain}},
    note = {{Accessed: 2016-05-15}},
}

@misc{blockstack-shea-jun-2016,
    author = {Ryan Shea},
    howpublished = {Personal communication},
    month = jun,
    year = 2016,
}

@techreport{canary,
    author = {A. P. Ozisik and G. Andresen and G. D. Bissias and A. Houmansadr and B. N. Levine},
    title = {{A Secure, Efficient, and Transparent Network Architecture for Bitcoin}},
    institution = {UMass Amherst},
    number = {UM-CS-2016-006},
    url = {https://web.cs.umass.edu/publication/details.php?id=2417},
    year = 2016,
}

@inproceedings{blockstack,
    author = {Muneeb Ali and Jude Nelson and Ryan Shea and Michael J. Freedman},
    title = {{Blockstack: A Global Naming and Storage System Secured by Blockchains}},
    booktitle = {2016 USENIX Annual Technical Conference (USENIX ATC 16)},
    year = {2016},
    month = Jun,
    isbn = {978-1-931971-30-0},
    location = {Denver, CO},
    pages = {181--194},
    publisher = {USENIX Association},
}

@misc{software-transparency,
    author = {Bryan Ford},
    title = {{Apple, FBI, and Software Transparency}},
    howpublished = {\url{https://freedom-to-tinker.com/2016/03/10/apple-fbi-and-software-transparency/}},
    year = {2016},
    month = mar,
    note = {{Accessed: 2017-03-08}},
}

@misc{bitcoin-binary-transparency,
    author = {bitcoin.org},
    title = {{0.13.0 Binary Safety Warning}},
    howpublished = {\url{https://bitcoin.org/en/alert/2016-08-17-binary-safety}},
    note = {{Accessed: 2016-10-21}},
}

@inproceedings{secure-software-updates,
    author = {Bellissimo, Anthony and Burgess, John and Fu, Kevin},
    title = {{Secure Software Updates: Disappointments and New Challenges}},
    booktitle = {Proceedings of the 1st USENIX Workshop on Hot Topics in Security (HOTSEC '06)},
    year = {2006},
    location = {Vancouver, B.C., Canada},
    acmid = {1268483},
    publisher = {USENIX Association},
    address = {Berkeley, CA, USA},
} 

@inproceedings{attacks-on-package-managers,
    author = {Cappos, Justin and Samuel, Justin and Baker, Scott and Hartman, John H.},
    title = {{A Look in the Mirror: Attacks on Package Managers}},
    booktitle = {Proceedings of the 15th ACM SIGSAC Conference on Computer and Communications Security (CCS '08)},
    year = {2008},
    location = {Alexandria, Virginia, USA},
    pages = {565--574},
    numpages = {10},
    publisher = {ACM},
    address = {New York, NY, USA},
}

@misc{microsoft-golden-key,
    author = {Tom Mendelsohn},
    title = {{Secure Boot snafu: Microsoft leaks backdoor key, firmware flung wide open}},
    howpublished = {\url{http://arstechnica.com/security/2016/08/microsoft-secure-boot-firmware-snafu-leaks-golden-key/}},
    note = {{Accessed: 2016-10-21}},
}

@misc{blackmarket-certs,
    author = {Limor Kessem},
    title = {{Certificates-as-a-Service? Code Signing Certs Become Popular Cybercrime Commodity}},
    month = sep,
    year = {2015},
    howpublished = {\url{https://securityintelligence.com/certificates-as-a-service-code-signing-certs-become-popular-cybercrime-commodity/}},
    note = {{Accessed: 2016-10-21}},
}

@inproceedings{aki,
    author = {Kim, Tiffany Hyun-Jin and Huang, Lin-Shung and Perring, Adrian and Jackson, Collin and Gligor, Virgil},
    title = {{Accountable Key Infrastructure (AKI): A Proposal for a Public-key Validation Infrastructure}},
    booktitle = {Proceedings of the 22nd International Conference on World Wide Web (WWW '13)},
    year = {2013},
    location = {Rio de Janeiro, Brazil},
    pages = {679--690},
    numpages = {12},
    publisher = {ACM},
    address = {New York, NY, USA},
} 

@inproceedings{arpki,
    author = {Basin, David and Cremers, Cas and Kim, Tiffany Hyun-Jin and Perrig, Adrian and Sasse, Ralf and Szalachowski, Pawel},
    title = {{ARPKI: Attack Resilient Public-Key Infrastructure}},
    booktitle = {Proceedings of the 2014 ACM SIGSAC Conference on Computer and Communications Security (CCS '14)},
    year = {2014},
    location = {Scottsdale, Arizona, USA},
    pages = {382--393},
    numpages = {12},
    publisher = {ACM},
    address = {New York, NY, USA},
} 

@article{dtki,
    author = {Yu, Jiangshan and Cheval, Vincent and Ryan, Mark},
    title = {{DTKI: A New Formalized PKI with Verifiable Trusted Parties}},
    journal = {The Computer Journal},
    volume = {59},
    number = {11},
    pages = {1695--1713},
    year = {2016},
}

@inproceedings{frientegrity,
    author = {Feldman, Ariel J. and Blankstein, Aaron and Freedman, Michael J. and Felten, Edward W.},
    title = {{Social Networking with Frientegrity: Privacy and Integrity with an Untrusted Provider}},
    booktitle = {21st USENIX Security Symposium (USENIX Security '12)},
    year = {2012},
    pages = {647--662},
    location = {Bellevue, WA},
    publisher = {USENIX Association},
    address = {Berkeley, CA, USA},
}

@misc{virtualchain,
    author = {Jude Nelson and Muneeb Ali and Ryan Shea and Michael J Freedman},
    title = {{Extending Existing Blockchains with Virtualchain}},
    year = {2016},
    howpublished = {\url{https://www.zurich.ibm.com/dccl/papers/nelson_dccl.pdf}},
    note = {{Accessed: 2016-08-01}},
}

@misc{bitcoin,
    author={Nakamoto, Satoshi},
    title={{Bitcoin: A Peer-to-Peer Electronic Cash System}},
    howpublished={\url{https://bitcoin.org/bitcoin.pdf}},
    year={2008},
    note = {{Accessed: 2017-03-08}},
}

@misc{bitcoinj,
    author = {Mike Hearn},
    title = {{bitcoinj}},
    howpublished = {\url{https://bitcoinj.github.io/}},
    note = {{Accessed: 2016-10-10}},
}

@inproceedings{bitcoinandbeyond,
    author = {Florian Tschorsch and Bj{\"o}rn Scheuermann},
    title = {{Bitcoin and Beyond: A Technical Survey on Decentralized Digital Currencies}},
    booktitle = {IEEE Communications Surveys Tutorials},
    year = {2016},
    volume = {13},
    number={3}, 
    pages={2084--2123},
}

@book{princetonbitcoinbook,
    author = {Narayanan, Arvind and Bonneau, Joseph and Felten, Edward and Miller, Andrew and Goldfeder, Steven},
    title = {{Bitcoin and Cryptocurrency Technologies: A Comprehensive Introduction}},
    year = {2016},
    publisher = {Princeton University Press},
}

@inproceedings{bitcoin-anon-cred,
    author    = {Christina Garman and
               Matthew Green and
               Ian Miers},
    title     = {{Decentralized Anonymous Credentials}},
    booktitle = {21st Annual Network and Distributed System Security Symposium (NDSS 2014)},
    location   = {San Diego, California, USA},
    month     = Feb,
    year      = {2014},
}

@inproceedings{bitcoin-pred-mkt,
    author={Clark, Jeremy and Bonneau, Joseph and Felten, Edward W and Kroll, Joshua A and Miller, Andrew and Narayanan, Arvind},
    title={{On Decentralizing Prediction Markets and Order Books}},
    booktitle={Workshop on the Economics of Information Security (WEIS 2014)},
    month=Jun,
    year={2014}
}

@inproceedings{commitcoin,
    author="Clark, Jeremy
        and Essex, Aleksander",
    editor="Keromytis, Angelos D.",
    title={{CommitCoin: Carbon Dating Commitments with Bitcoin}},
    booktitle="Financial Cryptography and Data Security (FC 2012)",
    month=Feb,
    year="2012",
    publisher="Springer Berlin Heidelberg",
    address="Berlin, Heidelberg",
    pages="390--398",
}

@inproceedings{bitcoin-incent-comp,
    author    = {Iddo Bentov and
               Ranjit Kumaresan},
    title     = {{How to Use Bitcoin to Design Fair Protocols}},
    booktitle = {Advances in Cryptology - {CRYPTO} 2014 - 34th Annual Cryptology Conference},
    location = {Santa Barbara, CA, USA},
    pages     = {421--439},
    month     = Aug,
    year      = {2014},
}

@inproceedings{versum,
    author    = {Jelle van den Hooff and
               M. Frans Kaashoek and
               Nickolai Zeldovich},
    title     = {{VerSum: Verifiable Computations over Large Public Logs}},
    booktitle = {Proceedings of the 2014 ACM SIGSAC Conference on Computer and Communications Security (CCS '14)},
    pages     = {1304--1316},
    location  = {Scottsdale, AZ, USA},
    month     = Nov,
    year      = {2014},
}

@INPROCEEDINGS{bitcoin-smc, 
    author={M. Andrychowicz and S. Dziembowski and D. Malinowski and L. Mazurek}, 
    booktitle={2014 IEEE Symposium on Security and Privacy}, 
    title={{Secure Multiparty Computations on Bitcoin}}, 
    year={2014}, 
    pages={443--458},
    month={May},
}

@INPROCEEDINGS{sokbitcoin, 
    author={J. Bonneau and A. Miller and J. Clark and A. Narayanan and J. A. Kroll and E. W. Felten},
    booktitle={2015 IEEE Symposium on Security and Privacy},
    title={{SoK: Research Perspectives and Challenges for Bitcoin and Cryptocurrencies}},
    year={2015},
    pages={104--121},
    month={May},
}

@misc{doublespend-march2013,
    author = {macbook-air},
    title = {{A successful DOUBLE SPEND US\$10000 against OKPAY this morning}},
    howpublished = {\url{https://bitcointalk.org/index.php?topic=152348.0;all}},
    note = {{Accessed: 2016-10-14}},
}

@misc{august2010fork,
    author = {en.bitcoin.it},
    title = {{Value overflow incident}},
    howpublished = {\url{https://en.bitcoin.it/wiki/Value_overflow_incident\#cite_note-7}},
    note = {{Accessed: 2016-10-18}},
}

@misc{march2013fork,
    author = {bitcoin.org},
    title = {{11/12 March 2013 Chain Fork Information}},
    howpublished = {\url{https://bitcoin.org/en/alert/2013-03-11-chain-fork}},
    note = {{Accessed: 2016-10-17}},
}

@misc{july2015fork,
    author = {bitcoin.org},
    title = {{Some Miners Generating Invalid Blocks}},
    howpublished = {\url{https://bitcoin.org/en/alert/2015-07-04-spv-mining}},
    note = {{Accessed: 2016-10-17}},
}

@misc{july2015fork-hashes,
    author = {en.bitcoin.it},
    title = {{July 2015 chain forks}},
    howpublished = {\url{https://en.bitcoin.it/w/index.php?title=July_2015_chain_forks\&redirect=no}},
    note = {{Accessed: 2016-10-21}},
}

@misc{stratum,
    author = {en.bitcoin.it},
    title = {{Stratum mining protocol}},
    howpublished = {\url{https://en.bitcoin.it/wiki/Stratum_mining_protocol}},
    note = {{Accessed: 2016-10-18}},
}

@techreport{miller2014anonymous,
    author={Miller, Andrew and LaViola Jr, Joseph J},
    title={{Anonymous Byzantine Consensus from Moderately-Hard Puzzles: A Model for Bitcoin}},
    institution={University of Central Florida},
    year={2014}
}

@inproceedings{bitcoin-backbone,
    author    = {Juan A. Garay and
               Aggelos Kiayias and
               Nikos Leonardos},
    title     = {{The Bitcoin Backbone Protocol: Analysis and Applications}},
    booktitle = {Advances in Cryptology - {EUROCRYPT} 2015 - 34th Annual International
               Conference on the Theory and Applications of Cryptographic Techniques},
    pages     = {281--310},
    location  = {Sofia, Bulgaria},
    month     = Apr,
    year      = {2015},
}

@misc{bitcoin-speed-security,
    author = {Aggelos Kiayias and Giorgos Panagiotakos},
    title = {{Speed-Security Tradeoffs in Blockchain Protocols}},
    howpublished = {Cryptology ePrint Archive, Report 2015/1019},
    year = {2015},
    note = {\url{http://eprint.iacr.org/2015/1019}},
}

@misc{bitcoin-threshold-ecdsa,
    author = {Rosario Gennaro and Steven Goldfeder and Arvind Narayanan},
    title = {{Threshold-optimal DSA/ECDSA signatures and an application to Bitcoin wallet security}},
    howpublished = {Cryptology ePrint Archive, Report 2016/013},
    year = {2016},
    note = {\url{http://eprint.iacr.org/2016/013}},
}

@article{bitcoin-security-revisited,
    author    = {Yonatan Sompolinsky and Aviv Zohar},
    title     = {{Bitcoin's Security Model Revisited}},
    journal   = {CoRR},
    volume    = {abs/1605.09193},
    year      = {2016},
    url       = {http://arxiv.org/abs/1605.09193},
}

@misc{bitcoin-relay-network,
    author = {Matt Corallo},
    title = {{The Bitcoin Relay Network}},
    howpublished = {\url{http://bitcoinrelaynetwork.org/}},
    note = {{Accessed: 2016-10-17}},
}

@misc{falcon,
    author = {Soumya Basu and Ittay Eyal and Emin G{\"{u}}n Sirer},
    title = {{The Falcon Network}},
    howpublished = {\url{http://www.falcon-net.org/}},
    note = {{Accessed: 2016-10-17}},
}

@misc{fibre,
    author = {Matt Corallo},
    title = {{FIBRE}},
    howpublished = {\url{http://bitcoinfibre.org/}},
    note = {{Accessed: 2016-10-17}},
}

@misc{coloredcoinsoverview,
    author={Rosenfeld, Meni},
    title={{Overview of Colored Coins}},
    howpublished={\url{https://bitcoil.co.il/BitcoinX.pdf}},
    year={2012},
    note = {{Accessed: 2017-02-15}},
}

@misc{colu,
    author = {Colu},
    title = {{Colu - local digital wallet}},
    howpublished = {\url{https://www.colu.com}},
    note = {{Accessed: 2017-02-15}}
}

@misc{openassets,
    author = {OpenAssets},
    title = {{Colored coins and the Open Assets protocol}},
    howpublished = {\url{https://github.com/OpenAssets}},
    note = {{Accessed: 2016-11-09}}
}

@misc{coinspark,
    author = {CoinSpark},
    title = {{Bitcoin upgraded with messaging and assets}},
    howpublished = {\url{http://coinspark.org}},
    note = {{Accessed: 2017-02-15}},
}

@misc{uniquebits,
    author = {Peter Todd},
    title = {{uniquebits}},
    howpublished = {\url{https://github.com/petertodd/uniquebits}},
    note = {{Accessed: 2017-02-15}},
}

@misc{single-use-seals,
    author = {Peter Todd},
    title = {{Preventing Consensus Fraud with Commitments and Single-Use-Seals}},
    howpublished={\url{https://petertodd.org/2016/commitments-and-single-use-seals}},
    note = {{Accessed: 2017-03-07}},
}

@misc{coloredcoins-metadata,
    author = {Assaf Shomer and Oded Leiba and Eyal Alsheich},
    title = {{Metadata}},
    howpublished = {\url{https://github.com/Colored-Coins/Colored-Coins-Protocol-Specification/wiki/Metadata}},
    note = {{Accessed: 2017-03-08}},
}

@misc{bitcoin-storing-data,
    author = {Assaf Shomer and Oded Leiba},
    title = {{Data Storage Methods}},
    howpublished = {\url{https://github.com/Colored-Coins/Colored-Coins-Protocol-Specification/wiki/Data\%20Storage\%20Methods}},
    note = {{Accessed: 2017-02-16}},
}

@misc{bitcoin-p2sh-data,
    author = "de Vries, Ruben",
    title = {{CIP Proposal: P2SH data encoding}},
    howpublished = {\url{https://counterpartytalk.org/t/cip-proposal-p2sh-data-encoding/2169/1}},
    note = {{Accessed: 2017-02-16}}
}

@article{bitcoin-pay-to-contract,
    author    = {Ilja Gerhardt and
               Timo Hanke},
    title     = {{Homomorphic Payment Addresses and the Pay-to-Contract Protocol}},
    journal   = {CoRR},
    volume    = {abs/1212.3257},
    year      = {2012},
    url       = {http://arxiv.org/abs/1212.3257},
}

@inproceedings{proof-of-stake,
    author="Bentov, Iddo
        and Gabizon, Ariel
        and Mizrahi, Alex",
    editor="Clark, Jeremy
        and Meiklejohn, Sarah
        and Ryan, Peter Y.A.
        and Wallach, Dan
        and Brenner, Michael
        and Rohloff, Kurt",
    title={{Cryptocurrencies Without Proof of Work}},
    booktitle="Financial Cryptography and Data Security (FC 2016)",
    month=Feb,
    year="2016",
    publisher="Springer Berlin Heidelberg",
    address="Berlin, Heidelberg",
    pages="142--157",
}

@misc{signal,
    author = {{Open Whisper Systems}},
    title = {{Signal}},
    howpublished = {\url{https://whispersystems.org/}},
    note = {{Accessed: 2016-11-09}}
}

@article{bloom,
    author = {Bloom, Burton H.},
    title = {{Space/Time Trade-offs in Hash Coding with Allowable Errors}},
    journal = {Commun. ACM},
    issue_date = {July 1970},
    volume = {13},
    number = {7},
    month = jul,
    year = {1970},
    pages = {422--426},
    numpages = {5},
    publisher = {ACM},
    address = {New York, NY, USA},
}

@misc{bitcoin-bloom,
    author = {bitcoin.org},
    title = {{Bloom Filter}},
    howpublished = {\url{https://bitcoin.org/en/glossary/bloom-filter}},
    note = {{Accessed: 2016-10-19}},
}

@misc{bitcoin-fees-github,
    author = {bitcoinfees.github.io},
    title = {{Bitcoin Fee Estimation}},
    howpublished={\url{https://bitcoinfees.github.io/}},
    note = {{Accessed: 2016-10-31}},
}

@misc{bitcoin-fees-21co,
    author = {bitcoinfees.21.co},
    title = {{Bitcoin Fees for Transactions}},
    howpublished={\url{https://bitcoinfees.21.co/}},
    note = {{Accessed: 2016-11-4}},
}

@inproceedings{bitcoin-p2p,
    author="Donet Donet, Joan Antoni
        and P{\'e}rez-Sol{\`a}, Cristina
        and Herrera-Joancomart{\'i}, Jordi",
    editor="B{\"o}hme, Rainer
        and Brenner, Michael
        and Moore, Tyler
        and Smith, Matthew",
    title={{The Bitcoin P2P Network}},
    bookTitle="Financial Cryptography and Data Security (FC 2014)",
    year="2014",
    publisher="Springer Berlin Heidelberg",
    address="Berlin, Heidelberg",
    pages="87--102",
}

@inproceedings{p2p-size-estimation,
    author="Evans, Nathan
        and Polot, Bartlomiej
        and Grothoff, Christian",
    editor="Bestak, Robert
        and Kencl, Lukas
        and Li, Li Erran
        and Widmer, Joerg
        and Yin, Hao",
    title={{Efficient and Secure Decentralized Network Size Estimation}},
    bookTitle="11th International IFIP TC 6 Networking Conference (NETWORKING 2012)",
    month=May,
    year="2012",
    publisher="Springer Berlin Heidelberg",
    address="Berlin, Heidelberg",
    pages="304--317",
}


@misc{bitcoin-bitnodes-21co,
    author = {bitnodes.21.co},
    title = {{Bitnodes}},
    howpublished={\url{https://bitnodes.21.co/}},
    note = {{Accessed: 2016-11-5}},
}

@misc{bitcoin-exchanges,
    author = {howtobuybitcoins.info},
    title = {{How To Buy Bitcoins}},
    howpublished = {\url{https://howtobuybitcoins.info/}},
    note = {{Accessed: 2016-10-20}},
}

@misc{opreturn,
    author = {bitcoin.org},
    title = {{Null Data (OP{\textunderscore}RETURN) Transaction}},
    howpublished = {\url{https://bitcoin.org/en/glossary/null-data-transaction}},
    note = {{Accessed: 2016-10-13}},
}

@misc{multisig,
    author = {bitcoin.org},	
    title = {{M-of-N Multisig, Multisig Output}},
    howpublished = {\url{https://bitcoin.org/en/glossary/multisig}},
    note = {{Accessed: 2016-10-13}},
}

@misc{ethereum,
    author = {Gavin Wood},
    title = {{Ethereum: A Secure Decentralised Generalised Transaction Ledger}},
    howpublished = {\url{http://gavwood.com/paper.pdf}},
    note = {{Accessed: 2016-05-15}},
}

@misc{ethereum-casper,
    author = {Vlad Zamfir},
    title = {{Introducing Casper 'the Friendly Ghost'}},
    howpublished = {\url{https://blog.ethereum.org/2015/08/01/introducing-casper-friendly-ghost/}},
    note = {{Accessed: 2017-02-17}},
}

@inproceedings{consensuscomputer,
    author = {Luu, Loi and Teutsch, Jason and Kulkarni, Raghav and Saxena, Prateek},
    title = {{Demystifying Incentives in the Consensus Computer}},
    booktitle = {Proceedings of the 22nd ACM SIGSAC Conference on Computer and Communications Security (CCS '15)},
    year = {2015},
    location = {Denver, Colorado, USA},
    pages = {706--719},
    numpages = {14},
    publisher = {ACM},
    address = {New York, NY, USA},
}

@misc{blockchainproto,
    author = {Rafael Pass and Lior Seeman and abhi shelat},
    title = {{Analysis of the Blockchain Protocol in Asynchronous Networks}},
    howpublished = {Cryptology ePrint Archive, Report 2016/454},
    year = {2016},
    note = {\url{http://eprint.iacr.org/2016/454}},
}

@inproceedings{ethiks,
    author="Bonneau, Joseph",
    editor="Clark, Jeremy
        and Meiklejohn, Sarah
        and Ryan, Peter Y.A.
        and Wallach, Dan
        and Brenner, Michael
        and Rohloff, Kurt",
    title={{EthIKS: Using Ethereum to Audit a CONIKS Key Transparency Log}},
    booktitle="Financial Cryptography and Data Security (FC 2016)",
    month=Feb,
    year="2016",
    publisher="Springer Berlin Heidelberg",
    address="Berlin, Heidelberg",
    pages="95--105",
}

@misc{catena-eprint,
    author = {Alin Tomescu and Srinivas Devadas},
    title = {{Catena: Preventing Lies with Bitcoin}},
    howpublished = {Cryptology ePrint Archive, Report 2016/1062},
    year = {2016},
    note = {\url{http://eprint.iacr.org/2016/1062}},
}
